
<record>
  <controlfield tag="001">758182</controlfield>
  <datafield tag="035" ind1=" " ind2=" ">
    <subfield code="a">Abe:2007sk</subfield>
    <subfield code="9">SPIRESTeX</subfield>
  </datafield>
  <datafield tag="035" ind1=" " ind2=" ">
    <subfield code="9">arXiv</subfield>
    <subfield code="a">oai:arXiv.org:0708.1668</subfield>
  </datafield>
  <datafield tag="037" ind1=" " ind2=" ">
    <subfield code="a">BELLE-CONF-0762</subfield>
  </datafield>
  <datafield tag="037" ind1=" " ind2=" ">
    <subfield code="9">arXiv</subfield>
    <subfield code="a">arXiv:0708.1668</subfield>
    <subfield code="c">hep-ex</subfield>
  </datafield>
  <datafield tag="710" ind1=" " ind2=" ">
    <subfield code="g">Belle</subfield>
  </datafield>
  <datafield tag="245" ind1=" " ind2=" ">
    <subfield code="a">Measurement of B+ ---&gt; D+ anti-D0 branching fraction and charge asymmetry and search for B0 ---&gt; anti-D0 D0</subfield>
  </datafield>
</record>